%YAML 1.1
%TAG !u! tag:unity3d.com,2011:
--- !u!114 &8073200612963128549
MonoBehaviour:
  m_ObjectHideFlags: 0
  m_CorrespondingSourceObject: {fileID: 0}
  m_PrefabInstance: {fileID: 0}
  m_PrefabAsset: {fileID: 0}
  m_GameObject: {fileID: 2995770280962263965}
  m_Enabled: 1
  m_EditorHideFlags: 0
  m_Script: {fileID: 11500000, guid: 8fbd60fc210fd4629a900d860dcb862e, type: 3}
  m_Name: 
  m_EditorClassIdentifier: 
--- !u!1 &3964698838183174605
GameObject:
  m_ObjectHideFlags: 0
  m_CorrespondingSourceObject: {fileID: 0}
  m_PrefabInstance: {fileID: 0}
  m_PrefabAsset: {fileID: 0}
  serializedVersion: 6
  m_Component:
  - component: {fileID: 3964698838183174604}
  m_Layer: 0
  m_Name: IndividualFortifyHandlerPrefab
  m_TagString: Untagged
  m_Icon: {fileID: 0}
  m_NavMeshLayer: 0
  m_StaticEditorFlags: 0
  m_IsActive: 1
--- !u!4 &3964698838183174604
Transform:
  m_ObjectHideFlags: 0
  m_CorrespondingSourceObject: {fileID: 0}
  m_PrefabInstance: {fileID: 0}
  m_PrefabAsset: {fileID: 0}
  m_GameObject: {fileID: 3964698838183174605}
  m_LocalRotation: {x: 0, y: 0, z: 0, w: 1}
  m_LocalPosition: {x: 0.3118751, y: 0.2019, z: -0.024413213}
  m_LocalScale: {x: 1, y: 1, z: 1}
  m_Children:
  - {fileID: 2995770280408092028}
  - {fileID: 8962307504891831653}
  m_Father: {fileID: 0}
  m_RootOrder: 0
  m_LocalEulerAnglesHint: {x: 0, y: 0, z: 0}
--- !u!1 &5786636125795649261
GameObject:
  m_ObjectHideFlags: 0
  m_CorrespondingSourceObject: {fileID: 0}
  m_PrefabInstance: {fileID: 0}
  m_PrefabAsset: {fileID: 0}
  serializedVersion: 6
  m_Component:
  - component: {fileID: 8962307504891831653}
  - component: {fileID: 6817897292270744870}
  m_Layer: 0
  m_Name: IndividualFortifyClickHandler
  m_TagString: Untagged
  m_Icon: {fileID: 0}
  m_NavMeshLayer: 0
  m_StaticEditorFlags: 0
  m_IsActive: 1
--- !u!4 &8962307504891831653
Transform:
  m_ObjectHideFlags: 0
  m_CorrespondingSourceObject: {fileID: 0}
  m_PrefabInstance: {fileID: 0}
  m_PrefabAsset: {fileID: 0}
  m_GameObject: {fileID: 5786636125795649261}
  m_LocalRotation: {x: 0, y: 0, z: 0, w: 1}
  m_LocalPosition: {x: 0, y: 0, z: 0}
  m_LocalScale: {x: 1, y: 1, z: 1}
  m_Children: []
  m_Father: {fileID: 3964698838183174604}
  m_RootOrder: 1
  m_LocalEulerAnglesHint: {x: 0, y: 0, z: 0}
--- !u!114 &6817897292270744870
MonoBehaviour:
  m_ObjectHideFlags: 0
  m_CorrespondingSourceObject: {fileID: 0}
  m_PrefabInstance: {fileID: 0}
  m_PrefabAsset: {fileID: 0}
  m_GameObject: {fileID: 5786636125795649261}
  m_Enabled: 1
  m_EditorHideFlags: 0
  m_Script: {fileID: 11500000, guid: 8fbd60fc210fd4629a900d860dcb862e, type: 3}
  m_Name: 
  m_EditorClassIdentifier: 
--- !u!1001 &3964698838064346302
PrefabInstance:
  m_ObjectHideFlags: 0
  serializedVersion: 2
  m_Modification:
    m_TransformParent: {fileID: 3964698838183174604}
    m_Modifications:
    - target: {fileID: 2204069621426241315, guid: 3f1f46cbecbe08e46a303ccfdb5b498a,
        type: 3}
      propertyPath: m_Name
      value: FortifyPressableButtonPlated
      objectReference: {fileID: 0}
    - target: {fileID: 2204069623020599746, guid: 3f1f46cbecbe08e46a303ccfdb5b498a,
        type: 3}
      propertyPath: m_LocalPosition.x
      value: -0.322
      objectReference: {fileID: 0}
    - target: {fileID: 2204069623020599746, guid: 3f1f46cbecbe08e46a303ccfdb5b498a,
        type: 3}
      propertyPath: m_LocalPosition.y
      value: 0.083
      objectReference: {fileID: 0}
    - target: {fileID: 2204069623020599746, guid: 3f1f46cbecbe08e46a303ccfdb5b498a,
        type: 3}
      propertyPath: m_LocalPosition.z
      value: 0.017
      objectReference: {fileID: 0}
    - target: {fileID: 2204069623020599746, guid: 3f1f46cbecbe08e46a303ccfdb5b498a,
        type: 3}
      propertyPath: m_LocalRotation.x
      value: -0
      objectReference: {fileID: 0}
    - target: {fileID: 2204069623020599746, guid: 3f1f46cbecbe08e46a303ccfdb5b498a,
        type: 3}
      propertyPath: m_LocalRotation.y
      value: -0
      objectReference: {fileID: 0}
    - target: {fileID: 2204069623020599746, guid: 3f1f46cbecbe08e46a303ccfdb5b498a,
        type: 3}
      propertyPath: m_LocalRotation.z
      value: -0
      objectReference: {fileID: 0}
    - target: {fileID: 2204069623020599746, guid: 3f1f46cbecbe08e46a303ccfdb5b498a,
        type: 3}
      propertyPath: m_LocalRotation.w
      value: 1
      objectReference: {fileID: 0}
    - target: {fileID: 2204069623020599746, guid: 3f1f46cbecbe08e46a303ccfdb5b498a,
        type: 3}
      propertyPath: m_RootOrder
      value: 0
      objectReference: {fileID: 0}
    - target: {fileID: 2204069623020599746, guid: 3f1f46cbecbe08e46a303ccfdb5b498a,
        type: 3}
      propertyPath: m_LocalEulerAnglesHint.x
      value: 0
      objectReference: {fileID: 0}
    - target: {fileID: 2204069623020599746, guid: 3f1f46cbecbe08e46a303ccfdb5b498a,
        type: 3}
      propertyPath: m_LocalEulerAnglesHint.y
      value: 0
      objectReference: {fileID: 0}
    - target: {fileID: 2204069623020599746, guid: 3f1f46cbecbe08e46a303ccfdb5b498a,
        type: 3}
      propertyPath: m_LocalEulerAnglesHint.z
      value: 0
      objectReference: {fileID: 0}
    - target: {fileID: 2204069623020599746, guid: 3f1f46cbecbe08e46a303ccfdb5b498a,
        type: 3}
      propertyPath: m_LocalScale.x
      value: 3
      objectReference: {fileID: 0}
    - target: {fileID: 2204069623020599746, guid: 3f1f46cbecbe08e46a303ccfdb5b498a,
        type: 3}
      propertyPath: m_LocalScale.y
      value: 3
      objectReference: {fileID: 0}
    - target: {fileID: 2204069623020599746, guid: 3f1f46cbecbe08e46a303ccfdb5b498a,
        type: 3}
      propertyPath: m_LocalScale.z
      value: 3
      objectReference: {fileID: 0}
    - target: {fileID: 2204069621797983321, guid: 3f1f46cbecbe08e46a303ccfdb5b498a,
        type: 3}
      propertyPath: m_LocalPosition.z
      value: 0.00000010058284
      objectReference: {fileID: 0}
    - target: {fileID: 1636097055102718908, guid: 3f1f46cbecbe08e46a303ccfdb5b498a,
        type: 3}
      propertyPath: m_LocalScale.x
      value: 1.3044
      objectReference: {fileID: 0}
    - target: {fileID: 2204069621878992592, guid: 3f1f46cbecbe08e46a303ccfdb5b498a,
        type: 3}
      propertyPath: m_AnchoredPosition.y
      value: -0.0105
      objectReference: {fileID: 0}
    - target: {fileID: 2204069623052342158, guid: 3f1f46cbecbe08e46a303ccfdb5b498a,
        type: 3}
      propertyPath: m_LocalScale.x
      value: 0.5
      objectReference: {fileID: 0}
    - target: {fileID: 2204069623052342158, guid: 3f1f46cbecbe08e46a303ccfdb5b498a,
        type: 3}
      propertyPath: m_LocalScale.y
      value: 0.5
      objectReference: {fileID: 0}
    - target: {fileID: 2204069623052342158, guid: 3f1f46cbecbe08e46a303ccfdb5b498a,
        type: 3}
      propertyPath: m_LocalScale.z
      value: 0.5
      objectReference: {fileID: 0}
    - target: {fileID: 8779034279059886464, guid: 3f1f46cbecbe08e46a303ccfdb5b498a,
        type: 3}
      propertyPath: OnClick.m_PersistentCalls.m_Calls.Array.data[0].m_Target
      value: 
      objectReference: {fileID: 6817897292270744870}
    - target: {fileID: 8779034279059886464, guid: 3f1f46cbecbe08e46a303ccfdb5b498a,
        type: 3}
      propertyPath: OnClick.m_PersistentCalls.m_Calls.Array.data[0].m_MethodName
      value: fortifyOne
      objectReference: {fileID: 0}
    - target: {fileID: 3907778724547951134, guid: 3f1f46cbecbe08e46a303ccfdb5b498a,
        type: 3}
      propertyPath: m_LocalScale.x
      value: 0.023615362
      objectReference: {fileID: 0}
    - target: {fileID: 2204069621878992593, guid: 3f1f46cbecbe08e46a303ccfdb5b498a,
        type: 3}
      propertyPath: m_IsActive
      value: 0
      objectReference: {fileID: 0}
    - target: {fileID: 4607504470098667674, guid: 3f1f46cbecbe08e46a303ccfdb5b498a,
        type: 3}
      propertyPath: m_Mesh
      value: 
      objectReference: {fileID: 0}
    - target: {fileID: 7060011145322376313, guid: 3f1f46cbecbe08e46a303ccfdb5b498a,
        type: 3}
      propertyPath: m_text
      value: Say "Fortify me"
      objectReference: {fileID: 0}
    - target: {fileID: 7060011145322376313, guid: 3f1f46cbecbe08e46a303ccfdb5b498a,
        type: 3}
      propertyPath: m_margin.x
      value: -0.004669041
      objectReference: {fileID: 0}
    - target: {fileID: 7060011145322376313, guid: 3f1f46cbecbe08e46a303ccfdb5b498a,
        type: 3}
      propertyPath: m_margin.z
      value: -0.0054402747
      objectReference: {fileID: 0}
    - target: {fileID: 7060011145322376313, guid: 3f1f46cbecbe08e46a303ccfdb5b498a,
        type: 3}
      propertyPath: m_textInfo.characterCount
      value: 16
      objectReference: {fileID: 0}
    - target: {fileID: 7060011145322376313, guid: 3f1f46cbecbe08e46a303ccfdb5b498a,
        type: 3}
      propertyPath: m_textInfo.spaceCount
      value: 2
      objectReference: {fileID: 0}
    - target: {fileID: 7060011145322376313, guid: 3f1f46cbecbe08e46a303ccfdb5b498a,
        type: 3}
      propertyPath: m_textInfo.wordCount
      value: 3
      objectReference: {fileID: 0}
    - target: {fileID: 2204069621878992595, guid: 3f1f46cbecbe08e46a303ccfdb5b498a,
        type: 3}
      propertyPath: m_text
      value: Fortify me!
      objectReference: {fileID: 0}
    - target: {fileID: 2204069621878992595, guid: 3f1f46cbecbe08e46a303ccfdb5b498a,
        type: 3}
      propertyPath: m_textInfo.characterCount
      value: 13
      objectReference: {fileID: 0}
    - target: {fileID: 2204069621878992595, guid: 3f1f46cbecbe08e46a303ccfdb5b498a,
        type: 3}
      propertyPath: m_textInfo.spaceCount
      value: 1
      objectReference: {fileID: 0}
    - target: {fileID: 2204069621878992595, guid: 3f1f46cbecbe08e46a303ccfdb5b498a,
        type: 3}
      propertyPath: m_textInfo.wordCount
      value: 2
      objectReference: {fileID: 0}
    - target: {fileID: 2204069623052342153, guid: 3f1f46cbecbe08e46a303ccfdb5b498a,
        type: 3}
      propertyPath: m_Materials.Array.data[0]
      value: 
      objectReference: {fileID: 2100000, guid: 5a9ff3bf27bd2f14eb87222e2d2761b8, type: 2}
    m_RemovedComponents: []
  m_SourcePrefab: {fileID: 100100000, guid: 3f1f46cbecbe08e46a303ccfdb5b498a, type: 3}
--- !u!1 &2995770280962263965 stripped
GameObject:
  m_CorrespondingSourceObject: {fileID: 2204069621426241315, guid: 3f1f46cbecbe08e46a303ccfdb5b498a,
    type: 3}
  m_PrefabInstance: {fileID: 3964698838064346302}
  m_PrefabAsset: {fileID: 0}
--- !u!4 &2995770280408092028 stripped
Transform:
  m_CorrespondingSourceObject: {fileID: 2204069623020599746, guid: 3f1f46cbecbe08e46a303ccfdb5b498a,
    type: 3}
  m_PrefabInstance: {fileID: 3964698838064346302}
  m_PrefabAsset: {fileID: 0}
